% This file was created with JabRef 2.5.
% Encoding: UTF-8

@BOOK{GirKin08,
  title = {Demographic Forecasting},
  publisher = {Princeton University Press},
  year = {2008},
  author = {Federico Girosi and Gary King},
  address = {Princeton},
  url = {http://gking.harvard.edu/files/abs/smooth-abs.shtml}
}

